@online{data:yahoo,
	author = {Nikolay Laptev, Saeed Amizadeh, Youssef Billawala},
	organization = {Yahoo},
	title = {A Benchmark Dataset for Time Series Anomaly Detection},
	year = 2015,
	month = 3,
	url = {http://yahoolabs.tumblr.com/post/114590420346/a-benchmark-dataset-for-time-series-anomaly}
}

@online{ref:twitter-blog,
	author= {Arun Kejariwal},
	title = {Introducing practical and robust anomaly detection in a time series},
	year = 2015,
	month = 1,
	url = {https://blog.twitter.com/2015/introducing-practical-and-robust-anomaly-detection-in-a-time-series}
}

@online{ref:numenta-whitepaper,
author = {Jeff Hawkins},
title = {Hierarchical Temporal Memory},
year = 2011,
month = 9,
url = {http://numenta.com/assets/pdf/whitepapers/hierarchical-temporal-memory-cortical-learning-algorithm-0.2.1-en.pdf}
}


@Article{ref:rosner,
author = {Bernard Rosner},
title = {Percentage Points for a Generalized ESD},
journal = {Technometrics},
year = {1983},
volume = {25},
number = {2},
pages = {165-172},
month = {5}
}

